<record><leader>00000cas a2200000 a 4500</leader><controlfield tag="001">320092659</controlfield><controlfield tag="007">hd afb020bucu</controlfield><controlfield tag="007">hd bfb020bubu</controlfield><controlfield tag="008">090504d19231933akudn nea     0   a0eng c</controlfield><datafield ind1=" " ind2=" " tag="010"><subfield code="a">  2009252767</subfield></datafield><datafield ind1=" " ind2=" " tag="040"><subfield code="a">WAU</subfield><subfield code="b">eng</subfield><subfield code="c">WAU</subfield><subfield code="d">OCLCQ</subfield><subfield code="d">OCLCF</subfield></datafield><datafield ind1=" " ind2=" " tag="042"><subfield code="a">pcc</subfield></datafield><datafield ind1=" " ind2=" " tag="043"><subfield code="a">n-us-ak</subfield></datafield><datafield ind1="0" ind2="0" tag="245"><subfield code="a">Seward daily gateway</subfield><subfield code="h">[microform].</subfield></datafield><datafield ind1="1" ind2="3" tag="246"><subfield code="a">Seward gateway</subfield><subfield code="f">Dec. 21, 1927-July 18, 1928; Aug. 5, 1929-Feb. 12, 1930</subfield></datafield><datafield ind1=" " ind2=" " tag="260"><subfield code="a">Seward, Alaska :</subfield><subfield code="b">Hal B. Selby,</subfield><subfield code="c">1923-1933.</subfield></datafield><datafield ind1=" " ind2=" " tag="300"><subfield code="a">11 v. :</subfield><subfield code="b">ill. ;</subfield><subfield code="c">50-56 cm.</subfield></datafield><datafield ind1=" " ind2=" " tag="310"><subfield code="a">Daily (except Sunday)</subfield></datafield><datafield ind1="0" ind2=" " tag="362"><subfield code="a">Feb. 10, 1923-v. 29, no. 219 (Sept. 19, 1933).</subfield></datafield><datafield ind1=" " ind2=" " tag="500"><subfield code="a">Sometimes published as: Seward gateway, Dec. 21, 1927-July 18, 1928; Aug. 5, 1929-Feb. 12, 1930.</subfield></datafield><datafield ind1=" " ind2=" " tag="500"><subfield code="a">"Independent."</subfield></datafield><datafield ind1=" " ind2=" " tag="515"><subfield code="a">Numbering is irregular.</subfield></datafield><datafield ind1=" " ind2=" " tag="533"><subfield code="a">Microfilm.</subfield><subfield code="b">[Seattle, Wash.] :</subfield><subfield code="c">Filmed by University of Washington Library.</subfield><subfield code="e">1 microfilm reel ; 35 mm.</subfield><subfield code="n">Filmed with other titles.</subfield></datafield><datafield ind1=" " ind2="0" tag="651"><subfield code="a">Seward (Alaska)</subfield><subfield code="v">Newspapers.</subfield></datafield><datafield ind1=" " ind2="7" tag="655"><subfield code="a">Newspapers.</subfield><subfield code="2">fast</subfield><subfield code="0">(OCoLC)fst01423814</subfield></datafield><datafield ind1=" " ind2="7" tag="651"><subfield code="a">Alaska</subfield><subfield code="z">Seward.</subfield><subfield code="2">fast</subfield><subfield code="0">(OCoLC)fst01221903</subfield></datafield><datafield ind1=" " ind2=" " tag="752"><subfield code="a">United States</subfield><subfield code="b">Alaska</subfield><subfield code="c">Seward</subfield><subfield code="d">Seward.</subfield></datafield><datafield ind1="1" ind2=" " tag="776"><subfield code="c">Original</subfield><subfield code="w">(DLC)sn 87062169</subfield><subfield code="w">(OCoLC)8603701</subfield></datafield><datafield ind1="0" ind2="0" tag="780"><subfield code="t">Seward gateway (Seward, Alaska : 1920)</subfield></datafield><datafield ind1="0" ind2="0" tag="785"><subfield code="t">Seward gateway (Seward, Alaska : 1933)</subfield></datafield></record>